

@book{Brown,
  title={Cohomology of Groups},
  author={Brown, Kenneth S.},
  volume={87},
  year={1982},
  publisher={Springer New York},
  isbn={9781468493290}
}

@book{Robinson,
  title={A Course in the Theory of Groups},
  author={Robinson, Derek},
  volume={80},
  year={1996},
  publisher={Springer New York},
  isbn={9781461264439}
}

@book{MacLane,
  title={Homology},
  author={MacLane, Saunders},
  volume={114},
  year={1995},
  publisher={Springer Berlin Heidelberg},
  isbn={9783540586623}
}

@article{FeitThompson,
  title={Solvability of groups of odd order},
  author={Feit, Walter and Thompson, John G.},
  journal={Pacific Journal of Mathematics},
  volume={13},
  number={3},
  pages={775-1029},
  year={1963},
  publisher={Mathematical Sciences Publishers}
}